@InBook{satanism4cooks,
author = {Geron},
title = {Satanismo para cozinheiras},
chapter = {1},
publisher = {Sashacu de Goianinha Verlag GmbH and Co. KGaA},
year = {1 D.C.},
note = {ISBN: 978-3-666-13137-3},
edition = {1},
pages = {17},
}

@article{author = {{Heggie}, D.~C.},
title = "{The Classical Gravitational N-Body Problem}",
journal = {ArXiv Astrophysics e-prints},
eprint = {astro-ph/0503600},
keywords = {Astrophysics},
year = 2005,
month = Mar√ßo,
adsurl = {http://adsabs.harvard.edu/abs/2005astro.ph..3600H},
adsnote = {Provided by the SAO/NASA Astrophysics Data System}
}

@misc{author = {John McCann},
title = {Effective Potential},
url = {http://web.physics.ucsb.edu/~mccann/notes/Effective_Potential.pdf }
} 

